<record><leader>02670cam a2200421 i 4500</leader><controlfield tag="001">6775757</controlfield><controlfield tag="003">OCoLC</controlfield><controlfield tag="005">20141231115647.0</controlfield><controlfield tag="008">140605s2015    nyu      b    001 0 eng  </controlfield><datafield ind1=" " ind2=" " tag="010"><subfield code="a">  2014014285</subfield></datafield><datafield ind1=" " ind2=" " tag="020"><subfield code="a">9781138791473 (hbk)</subfield></datafield><datafield ind1=" " ind2=" " tag="020"><subfield code="a">1138791474 (hbk)</subfield></datafield><datafield ind1=" " ind2=" " tag="020"><subfield code="z">9781315762838 (ebk)</subfield></datafield><datafield ind1=" " ind2=" " tag="040"><subfield code="a">DLC</subfield><subfield code="b">eng</subfield><subfield code="e">rda</subfield><subfield code="c">DLC</subfield><subfield code="d">OCLCF</subfield><subfield code="d">YDXCP</subfield><subfield code="d">CDX</subfield><subfield code="d">COO</subfield><subfield code="d">UAB</subfield></datafield><datafield ind1=" " ind2=" " tag="042"><subfield code="a">pcc</subfield></datafield><datafield ind1=" " ind2=" " tag="043"><subfield code="a">n-us---</subfield></datafield><datafield ind1="0" ind2="0" tag="050"><subfield code="a">PS228.C58</subfield><subfield code="b">J66 2015</subfield></datafield><datafield ind1="0" ind2="0" tag="082"><subfield code="a">810.9/3582825</subfield><subfield code="2">23</subfield></datafield><datafield ind1=" " ind2=" " tag="084"><subfield code="a">LIT004020</subfield><subfield code="a">LIT000000</subfield><subfield code="2">bisacsh</subfield></datafield><datafield ind1=" " ind2=" " tag="090"><subfield code="a">PS 228 C58 J66 2015</subfield><subfield code="b">AEU</subfield></datafield><datafield ind1="1" ind2=" " tag="100"><subfield code="a">Jonnes, Denis,</subfield><subfield code="d">1949-</subfield><subfield code="e">author.</subfield></datafield><datafield ind1="1" ind2="0" tag="245"><subfield code="a">Cold War American literature and the rise of youth culture :</subfield><subfield code="b">children of empire /</subfield><subfield code="c">Denis Jonnes.</subfield></datafield><datafield ind1=" " ind2="1" tag="264"><subfield code="a">New York ;</subfield><subfield code="a">London :</subfield><subfield code="b">Routledge, Taylor &amp; Francis Group,</subfield><subfield code="c">2015.</subfield></datafield><datafield ind1=" " ind2=" " tag="300"><subfield code="a">xii, 198 pages ;</subfield><subfield code="c">24 cm.</subfield></datafield><datafield ind1=" " ind2=" " tag="336"><subfield code="a">text</subfield><subfield code="2">rdacontent</subfield></datafield><datafield ind1=" " ind2=" " tag="337"><subfield code="a">unmediated</subfield><subfield code="2">rdamedia</subfield></datafield><datafield ind1=" " ind2=" " tag="338"><subfield code="a">volume</subfield><subfield code="2">rdacarrier</subfield></datafield><datafield ind1="1" ind2=" " tag="490"><subfield code="a">Routledge Transnational Perspectives on American Literature ;</subfield><subfield code="v">24</subfield></datafield><datafield ind1=" " ind2=" " tag="504"><subfield code="a">Includes bibliographical references (pages 179-192) and index.</subfield></datafield><datafield ind1=" " ind2=" " tag="520"><subfield code="a">"Demands placed on many young Americans as a result of the Cold War give rise to an increasingly age-segregated society. This separation allowed adolescents and young adults to begin to formulate an identity distinct from previous generations, and was a significant factor in their widespread rejection of contemporary American society. This study traces the emergence of a distinctive post-war family dynamic between parent and adolescent or already adult child. In-depth readings of individual writers such as, Arthur Miller, William Styron, J. D. Salinger, Tennessee Williams, Vladimir Nabokov, Jack Kerouac, Flannery O'Connor and Sylvia Plath, situate their work in relation to the Cold War and suggest how the figuring of adolescents and young people reflected and contributed to an empowerment of American youth. This book is a superb research tool for any student or academic with an interest in youth culture, cultural studies, American studies, cold war studies, twentieth-century American literature, history of the family, and age studies."--</subfield><subfield code="c">Provided by publisher.</subfield></datafield><datafield ind1=" " ind2=" " tag="596"><subfield code="a">16</subfield></datafield><datafield ind1=" " ind2="0" tag="650"><subfield code="a">American literature</subfield><subfield code="y">20th century</subfield><subfield code="x">History and criticism.</subfield></datafield><datafield ind1=" " ind2="0" tag="650"><subfield code="a">Cold War in literature.</subfield></datafield><datafield ind1=" " ind2="0" tag="650"><subfield code="a">Youth in literature.</subfield></datafield><datafield ind1=" " ind2="0" tag="650"><subfield code="a">Youth</subfield><subfield code="z">United States</subfield><subfield code="x">History</subfield><subfield code="y">20th century.</subfield></datafield><datafield ind1=" " ind2="0" tag="830"><subfield code="a">Routledge Transnational Perspectives on American Literature ;</subfield><subfield code="v">24.</subfield></datafield><datafield ind1=" " ind2=" " tag="949"><subfield code="a">PS 228 C58 J66 2015</subfield><subfield code="c">1</subfield><subfield code="h">UAAU-B</subfield><subfield code="i">0162035218146</subfield></datafield><datafield ind1=" " ind2=" " tag="926"><subfield code="a">PS 228 C58 J66 2015</subfield><subfield code="w">LC</subfield><subfield code="c">1</subfield><subfield code="i">0162035218146</subfield><subfield code="l">ON_SHELF</subfield><subfield code="m">UAAUG</subfield><subfield code="p">$150.00</subfield><subfield code="r">Y</subfield><subfield code="s">Y</subfield><subfield code="t">BOOK</subfield><subfield code="u">1/14/2015</subfield></datafield></record>